% Encoding: windows-1252

@article{Disterer2013,
  doi = {10.4236/jis.2013.42011},
  url = {https://doi.org/10.4236/jis.2013.42011},
  year = {2013},
  publisher = {Scientific Research Publishing,  Inc.},
  volume = {04},
  number = {02},
  pages = {92--100},
  author = {Georg Disterer},
  title = {{ISO}/{IEC} 27000,  27001 and 27002 for Information Security Management},
  journal = {Journal of Information Security}
}

@MISC{BaFin:Verwaltungspraxis,
    title = {Verwaltungspraxis},
    author = {Bundesanstalt für Finanzdienstleistungsaufsicht},
    url = {https://www.bafin.de/DE/RechtRegelungen/Verwaltungspraxis/verwaltungspraxis_node.html;jsessionid=BBF2E4BF1B2116261748D049E90FACFB.1_cid392},
    year = {2020, April 04},
    note = {Online im Internet}
}  

@LETTER{MaRiskErläuterungen:2017,
    title = {Anlage 1: Erläuterungen zu den MaRisk in der Fassung vom 27.10.2017 },
    author = {Bundesanstalt für Finanzdienstleistungsaufsicht},
    url = {https://www.bafin.de/SharedDocs/Downloads/DE/Rundschreiben/dl_rs0917_marisk_Endfassung_2017_pdf_ba.pdf?__blob=publicationFile&v=5},
    year = {2017},
    address = {Bonn, Deutschland}
}

@LETTER{MaRisk:2017,
    title = {Mindestanforderungen an das Risikomanagement (MaRisk)},
    author = {Bundesanstalt für Finanzdienstleistungsaufsicht},
    url = {https://www.bafin.de/SharedDocs/Downloads/DE/Rundschreiben/dl_rs1709_marisk_pdf_ba.pdf?__blob=publicationFile&v=2},
    year = {2017},
    address = {Bonn, Deutschland}
}

@LETTER{BAIT:2018,
    title = {Bankaufsichtliche Anforderungen an die IT (BAIT)},
    author = {Bundesanstalt für Finanzdienstleistungsaufsicht},
    url = {https://www.bafin.de/SharedDocs/Downloads/DE/Rundschreiben/dl_rs_1710_ba_BAIT.pdf?__blob=publicationFile&v=9},
    year = {2018},
    address = {Bonn, Deutschland}
}
@Collection{IT-Grundschutz:2020,
    title = {IT-Grundschutz-Kompendium: Stand Februar 2020},
    author = {Bundesamt für Sicherheit in der Informationstechnik},
    url = {https://www.bsi.bund.de/SharedDocs/Downloads/DE/BSI/Grundschutz/Kompendium/IT_Grundschutz_Kompendium_Edition2020.pdf?__blob=publicationFile&v=6},
    year = {2020},
    address = {Bonn, Deutschland}
}

@inproceedings{mci/Knittl2013,
author = {Knittl, Silvia und Kunzewitsch, Michael},
title = {Herausforderungen und Lösungsansätze bei der MaRisk-Umsetzung in einem internationalen Finanzkonzern},
booktitle = {INFORMATIK 2013 – Informatik angepasst an Mensch, Organisation und Umwelt},
year = {2013},
editor = {Horbach, Matthias} ,
pages = { 1202-1215 },
publisher = {Gesellschaft für Informatik e.V.},
address = {Bonn}
}


@incollection {Gupta:2017,
    author = {Gupta, Sunil und Simonds, Sara},
    title = {Goldman Sachs' Digital Journey},
    booktitle = {HBS CASE COLLECTION},
    year = {2017},
    note = {Mai 2019 überarbeitet},
    pages = {518-039}
}

@Inbook{Brockhoff2006,
author="Brockhoff, Franz-Theo",
editor="Dietrich, Lothar
and Schirra, Wolfgang",
title="Effiziente Vertriebsunterst{\"u}tzung auf Basis einer serviceorientierten IT-Architektur",
bookTitle="Innovationen durch IT: Erfolgsbeispiele aus der Praxis Produkte --- Prozesse --- Gesch{\"a}ftsmodelle",
year="2006",
publisher="Springer Berlin Heidelberg",
address="Berlin, Heidelberg",
pages="381--396",
isbn="978-3-540-34843-6",
doi="10.1007/3-540-34843-3_24",
url="https://doi.org/10.1007/3-540-34843-3_24"
}

@Inbook{Bussmann2006,
author="Bussmann, Johannes
and Fritsch, Michael
and Schmitz, Christopher
and Niebuhr, Jens
and Scholz, Andr{\'e}",
editor="Dietrich, Lothar
and Schirra, Wolfgang",
title="Impulse durch neue Technologietrends",
bookTitle="Innovationen durch IT: Erfolgsbeispiele aus der Praxis Produkte --- Prozesse --- Gesch{\"a}ftsmodelle",
year="2006",
publisher="Springer Berlin Heidelberg",
address="Berlin, Heidelberg",
pages="21--35",
isbn="978-3-540-34843-6",
doi="10.1007/3-540-34843-3_3",
url="https://doi.org/10.1007/3-540-34843-3_3"
}

@book{DSGV:2019,
  url = {https://www.stiftung-wissenschaft.de/kunden/ebusti/xpage/s-wissenschaft.nsf/xsp/.ibmmodres/domino/OpenAttachment/kunden/ebusti/xpage/s-wissenschaft.nsf/2D49B25D9D45CDBCC12581F0004AC370/Anhang/DSGV_MaRisk-ILF_Version_6-1_Internet.pdf},
  year = {2019},
  author = {Deutscher Sparkassen- und Giroverband},
  title = {Mindestanforderungen an das Risikomanagement Interpretationsleitfaden Version 6.1}
}

}
@misc{docker-alpine,
  author = {Copa, Natanael},
  title = {docker-alpine},
  year = {2020, August 16},
  publisher = {GitHub},
  journal = {GitHub repository},
  url = {https://github.com/alpinelinux/docker-alpine},
  commit = {21ab1d3ce23189e0be9734ae2da6a2b7b17611cb},
  note = {Online im Internet}
}

@MISC{alpine-about,
    title = {ABOUT},
    author = {Alpine Linux Development Team},
    url = {https://www.alpinelinux.org/about/},
    note = {Online im Internet (Stand: 2020, August 17)}
}  

@misc{docker-debian-builds,
  author = {tianon},
  title = {tianon/debuerreotype/amd64},
  url = {https://doi-janky.infosiftr.net/job/tianon/job/debuerreotype/job/amd64/},
  note = {Online im Internet (Stand 17.08.2020}
}

@misc{docker-debian,
  author = {tianon},
  title = {debuerreotype/docker-debian-artifacts @ dist-amd64},
  year = {2020, August 03},
  publisher = {GitHub},
  journal = {GitHub repository},
  url = {https://github.com/debuerreotype/docker-debian-artifacts/tree/dist-amd64#readme},
  commit = {3503997cf522377bc4e4967c7f0fcbcb18c69fc8},
  note = {Online im Internet}
}

@book{Alt2017,
  doi = {10.1007/978-3-658-18704-0},
  url = {https://doi.org/10.1007/978-3-658-18704-0},
  year = {2017},
  publisher = {Springer Fachmedien Wiesbaden},
  author = {Rainer Alt and Gunnar Auth and Christoph K\"{o}gler},
  title = {Innovationsorientiertes {IT}-Management mit {DevOps}}
}

@article{mci/Disterer2011,
author = {Disterer, Georg},
title = {ITIL-basierte Inbetriebnahme neuer Anwendungen},
journal = {HMD Praxis der Wirtschaftsinformatik},
volume = {48},
number = {2},
year = {2011},
pages = { 48-57 } ,
doi = { 10.1007/BF03340567 }
}

@article{humble:2011,
author = {Humble, Jez und Molesky, Joanne},
title = {Why Enterprises Must Adopt Devops to Enable Continuous Delivery},
journal = {Cutter IT journal : the journal of information technology management},
volume = {24},
number = {8},
year = {2011},
pages = { 6-13 },
issn = {1048-5600},
url = {http://twinkfed.homedns.org/TechDocs/itj1108.pdf#page=6}
}

@book{Pathania2017,
  doi = {10.1007/978-1-4842-2913-2},
  url = {https://doi.org/10.1007/978-1-4842-2913-2},
  year = {2017},
  publisher = {Apress},
  author = {Nikhil Pathania},
  title = {Pro Continuous Delivery}
}

@MISC{BaFin:marisk-novelle,
    title = {MaRisk-Novelle: Ist eine Verschiebung der MaRisk-Novelle zu erwarten?},
    author = {Bundesanstalt für Finanzdienstleistungsaufsicht},
    url = {https://www.bafin.de/SharedDocs/FAQs/DE/Corona/Bankenaufsicht/Allgemeine_Aufsichtsthemen/2300_faq_corona_verschiebung_marisk_novelle.html?id=13962418},
    year = {2020, April 16},
    note = {Online im Internet (Stand 18.08.2020)}
}

@MISC{Google:GKEJenkins,
    title = {MaRisk-Novelle: Ist eine Verschiebung der MaRisk-Novelle zu erwarten?},
    author = {Bundesanstalt für Finanzdienstleistungsaufsicht},
    url = {https://cloud.google.com/solutions/jenkins-on-kubernetes-engine},
    year = {2020, April 16},
    note = {Online im Internet (Stand 19.08.2020)}
}

@MISC{Chavez:2017,
    title = {Data, Computing, and Transformation in the Financial Industry},
    author = {R. Martin Chávez},
    url = {https://www.youtube.com/watch?v=VF6DrX9H0Ug},
    publisher = {Harvard Institute for Applied Computational Science},
    year = {2017, Januar 19},
    note = {ComputeFest 2017 Symposium: Data, Dollars, and Algorithms},
    address = {Cambridge}
}